@INPROCEEDINGS{beit3,
  author={Wang, Wenhui and Bao, Hangbo and Dong, Li and Bjorck, Johan and Peng, Zhiliang and Liu, Qiang and Aggarwal, Kriti and Mohammed, Owais Khan and Singhal, Saksham and Som, Subhojit and Wei, Furu},
  booktitle={2023 IEEE/CVF Conference on Computer Vision and Pattern Recognition (CVPR)}, 
  title={Image as a Foreign Language: BEIT Pretraining for Vision and Vision-Language Tasks}, 
  year={2023},
  volume={},
  number={},
  pages={19175-19186},
  keywords={Visualization;Semantic segmentation;Computer architecture;Object detection;Transformers;Question answering (information retrieval);Pattern recognition;Vision;language;reasoning},
  doi={10.1109/CVPR52729.2023.01838}
}
