@article{shre,
  publtype={informal},
  author={Yusuf Aytar and Carl Vondrick and Antonio Torralba},
  title={See, Hear, and Read: Deep Aligned Representations},
  year={2017},
  cdate={1483228800000},
  journal={CoRR},
  volume={abs/1706.00932},
  url={http://arxiv.org/abs/1706.00932}
}

@article{imagenet,
Author = {Olga Russakovsky and Jia Deng and Hao Su and Jonathan Krause and Sanjeev Satheesh and Sean Ma and Zhiheng Huang and Andrej Karpathy and Aditya Khosla and Michael Bernstein and Alexander C. Berg and Li Fei-Fei},
Title = {{ImageNet Large Scale Visual Recognition Challenge}},
Year = {2015},
journal   = {International Journal of Computer Vision (IJCV)},
volume={115},
number={3},
pages={211-252}
}

@inproceedings{clip,
  author       = {Alec Radford and
                  Jong Wook Kim and
                  Chris Hallacy and
                  Aditya Ramesh and
                  Gabriel Goh and
                  Sandhini Agarwal and
                  Girish Sastry and
                  Amanda Askell and
                  Pamela Mishkin and
                  Jack Clark and
                  Gretchen Krueger and
                  Ilya Sutskever},
  editor       = {Marina Meila and
                  Tong Zhang},
  title        = {Learning Transferable Visual Models From Natural Language Supervision},
  booktitle    = {Proceedings of the 38th International Conference on Machine Learning},
  volume       = {139},
  pages        = {8748--8763},
  year         = {2021},
}

@article{coca,
title={CoCa: Contrastive Captioners are Image-Text Foundation Models},
author={Jiahui Yu and Zirui Wang and Vijay Vasudevan and Legg Yeung and Mojtaba Seyedhosseini and Yonghui Wu},
journal={Transactions on Machine Learning Research},
issn={2835-8856},
year={2022},
url={https://openreview.net/forum?id=Ee277P3AYC},
note={}
}

@inproceedings{vlmo,
 author = {Bao, Hangbo and Wang, Wenhui and Dong, Li and Liu, Qiang and Mohammed, Owais Khan and Aggarwal, Kriti and Som, Subhojit  and Piao, Songhao and Wei, Furu},
 booktitle = {Advances in Neural Information Processing Systems},
 editor = {S. Koyejo and S. Mohamed and A. Agarwal and D. Belgrave and K. Cho and A. Oh},
 pages = {32897--32912},
 publisher = {Curran Associates, Inc.},
 title = {VLMo: Unified Vision-Language Pre-Training with Mixture-of-Modality-Experts},
 volume = {35},
 year = {2022}
}

@inproceedings{flava,
  title={FLAVA: A Foundational Language And Vision Alignment Model},
  author={Amanpreet Singh and Ronghang Hu and Vedanuj Goswami and Guillaume Couairon and Wojciech Galuba and Marcus Rohrbach and Douwe Kiela},
  booktitle={IEEE/CVF Conference on Computer Vision and Pattern Recognition},
  year={2021},
  pages={15617-15629},
}

@inproceedings{filip,
title={{FILIP}: Fine-grained Interactive Language-Image Pre-Training},
author={Lewei Yao and Runhui Huang and Lu Hou and Guansong Lu and Minzhe Niu and Hang Xu and Xiaodan Liang and Zhenguo Li and Xin Jiang and Chunjing Xu},
booktitle={International Conference on Learning Representations},
year={2022},
url={https://openreview.net/forum?id=cpDhcsEDC2}
}

@INPROCEEDINGS{beit3,
  author={Wang, Wenhui and Bao, Hangbo and Dong, Li and Bjorck, Johan and Peng, Zhiliang and Liu, Qiang and Aggarwal, Kriti and Mohammed, Owais Khan and Singhal, Saksham and Som, Subhojit and Wei, Furu},
  booktitle={IEEE/CVF Conference on Computer Vision and Pattern Recognition}, 
  title={Image as a Foreign Language: BEIT Pretraining for Vision and Vision-Language Tasks}, 
  year={2023},
  volume={},
  number={},
  pages={19175-19186},
}

@inproceedings{bert,
    title = "{BERT}: Pre-training of Deep Bidirectional Transformers for Language Understanding",
    author = "Devlin, Jacob  and
      Chang, Ming-Wei  and
      Lee, Kenton  and
      Toutanova, Kristina",
    editor = "Burstein, Jill  and
      Doran, Christy  and
      Solorio, Thamar",
    booktitle = "Proceedings of the 2019 Conference of the North {A}merican Chapter of the Association for Computational Linguistics: Human Language Technologies",
    month = jun,
    volume = {1},
    year = "2019",
    address = "Minneapolis, Minnesota",
    pages = "4171--4186",
}
